
@book{IEEEhowto:kopka,
 author = {Kopka, Helmut and Daly, Patrick W.},
 title = {A Guide to LATEX},
 year = {2003},
 isbn = {0321173856},
 edition = {4},
 publisher = {Addison-Wesley Longman Publishing Co., Inc.},
 address = {Boston, MA, USA},
}
